@InProceedings{multigrid_ics12,
  author =  "Marc Casas and Bronis R. de Supinski and Greg Bronevetsky and Martin Schulz",
  title = {{Fault Resilience of the Algebraic Multi-grid Solver}},
  booktitle =  "International Conference on Supercomputing",
  year =   "2012"
}

@InProceedings{fj_dns12,
  author =  "Xin Xu and Man-Lap Li",
  title = {{Understanding Soft Error Propagation Using Efficient Vulnerability-Driven Fault Injection}},
  booktitle =  "International Conference on Dependable Systems and Networks",
  year =   "2012"
}

@InProceedings{fj_ics11,
  author =  "M. Shantharam and S. Srinivasmurthy and P. Raghavan",
  title = {{Characterizing the Impact of Soft Errors on Iterative Methods in Scientific Computing}},
  booktitle =  "International Conference on Supercomputing",
  year =   "2011"
}

@InProceedings{fj_ics08,
  author =  "G. Bronevetsky and B. R. Supinski",
  title = {{Soft Error Vulnerability of Iterative Linear Algebra Methods}},
  booktitle =  "International Conference on Supercomputing",
  year =   "2008"
}

@InProceedings{fj_asplos12,
  author =  "Siva Kumar Sastry Hari and Sarita V. Adve and Helia Naeimi and Pradeep Ramachandran",
  title = {{Relyzer: Exploiting Application-Level Fault Equivalence to Analyze Application Resiliency to Transient Faults}},
  booktitle =  "International Conference on Architectural Support for Programming Languages and Operating Systems",
  year =   "2012"
}

@InProceedings{fj_date09,
  author =  "R. Leveugle and A. Calvez and P. Maistri and P. Vanhauwaert",
  title = {{Statistical Fault Injection: Quantified Error and Confidence}},
  booktitle =  "Design, Automation and Test in Europe",
  year =   "2009"
}

@InProceedings{fj_saahpc09,
  author =  "Guochun Shi and Jeremy Enos and Michael Showerman and Volodymyr Kindratenko",
  title = {{On Testing GPU Memory for Hard and Soft Errors}},
  booktitle =  "Symposium on Application Accelerators in High Performance Computing",
  year =   "2009"
}

@Article{ft_lu_hpdc13,
  title = {{Correcting Soft Errors Online in LU Factorization}},
  author = "Teresa Davies and Zizhong Chen",
  journal = "Symposium on High-Performance Parallel and Distributed Computing",
  year = "2013"
}

@Article{mpiopenmp_tpds13,
  title = {{Strategies for Energy Efficient Resource Management of Hybrid Programming Models}},
  author = "Dong Li and Bronis R. de Supinski and Martin Schulz and Dimitrios S. Nikolopoulos and Kirk W. Cameron",
  journal = "Transaction on Parallel and Distributed Systems",
  volume = "24",
  number = "1",
  year = "2013"
}

@inproceedings{fthpl_ics11,
  title={{High Performance Linpack Benchmark: A Fault Tolerant Implementation without Checkpointing}},
  author={Teresa Davies and Christer Karlsson and Hui Liu and Chong Ding and Zizhong Chen},
  booktitle={{International Conference on Supercomputing}},
  year={2011}
}

@inproceedings{ftcg_ppopp13,
  title={{Online-ABFT: An Online Algorithm Based Fault Tolerance Scheme for Soft Error Detection in Iterative Methods}},
  author={Zizhong Chen},
  booktitle={{ACM SIGPLAN Symp. on Principles and Practice of Parallel Programming}},
  year={2013}
}

@inproceedings{ftfactor_ppopp12,
  title={{Algorithm-based Fault Tolerance for Dense Matrix Factorizations}},
  author={Peng Du and Aurelien Bouteiller and George Bosilca and Thomas Herault and Jack Dongarra},
  booktitle={{ACM SIGPLAN Symposium on Principles and Practice of Parallel Programming (PPoPP)}},
  year={2012}
}

@inproceedings{abft_hpdc11,
  title={{Algorithm-Based Recovery for Iterative Methods without Checkpointing}},
  author={Zizhong Chen},
  booktitle={{International Symposium on High-Performance Parallel and Distributed Computing (HPDC)}},
  year={2011}
}

@inproceedings{se_hpca05,
  title={{The Soft Error Problem: An Architectural Perspective}},
  author={S. S. Mukherjee and J. Emer and S. K. Reinhardt},
  booktitle={{International Symposium on High-Performance Computer Architecture}},
  year={2005}
}

@Article{se_ibm96,
  title = {{Terrestrial Cosmic Rays and Soft Errors}},
  author = "J. F. Ziegler and G. R. Srinivasan",
  journal = "IBM Journal of Research and Development",
  year = "1996"
}

@inproceedings{avf_micro03,
  title={{A Systematic Methodology to Compute the Architectural Vulnerability Factors for a High-Performance Microprocessor}},
  author={Shubhendu S. Mukherjee and Christopher Weaver and Joel Emer and Steven K. Reinhardt and Todd Austin},
  booktitle={{International Symposium on Microarchitecture}},
  year={2003}
}

@inproceedings{avf_micro10,
  title={{AVF Stressmark: Towards an Automated Methodology for Bounding the Worst-Case Vulnerability to Soft Errors}},
  author={A. A. Nair and L. K. John and L. Eeckhout},
  booktitle={{International Symposium on Microarchitecture}},
  year={2010}
}

@inproceedings{avf_isca07,
  title={{Dynamic Prediction of Architectural Vulnerability from Microarchitectural State}},
  author={Kristen R. Walcott and Greg Humphreys and Sudhanva Gurumurthi},
  booktitle={{International Symposium on Computer Architecture}},
  year={2007}
}

@inproceedings{avf_hpca09,
  title={{Versatile Prediction and Fast Estimation of Architectural Vulnerability Factor from Processor Performance Metrics}},
  author={Lide Duan and Bin Li and Lu Peng},
  booktitle={{International Symposium on High Performance Computer Architecture}},
  year={2009}
}

@inproceedings{pvf_hpca09,
  title={{Eliminating Microarchitectural Dependency From Architectural Vulnerability}},
  author={Vilas Sridharan and David R. Kaeli},
  booktitle={{International Symposium on High Performance Computer Architecture}},
  year={2009}
}

@TechReport{chipkill_tech_rp,
  title = {{A White Paper On The Benefits Of Chipkill-Correct ECC for PC Server Main Memory}},
  author = "T. Dell",
  year = "1997",
  institution = "IBM Microelectronics Division"
}

@article{ibm_secded70,
  author    = {M. Y. Hsiao},
  title     = {{A Class of Optimal Minimum Odd-Weight-Column SECDED Codes}},
  journal   = {{IBM Journal of Research and Development}},
  year      = {1970},
  volumn = {14}
}

@InProceedings{hp_sc11,
  author =  "Sheng Li and Ke Chen and Ming-Yu Hsieh and Naveen Muralimanohar and Chad D. Kersey and Jay B. Brockman and Arun F. Rodrigues and Norman P. Jouppi",
  title = {{System Implications of Memory Reliability in Exascale Computing}},
  booktitle =  "International Conference for High Performance Computing, Networking, Storage and Analysis (SC)",
  year =   "2011"
}


@inproceedings{mem_error_utc10,
  title={{A Realistic Evaluation of Memory Hardware Errors and Software System Susceptibility}},
  author={Xin Li and Michael C. Huang and Kai Shen and Lingkun Chu},
  booktitle={{USENIX ATC}},
  year={2010}
}

@inproceedings{mem_error_workshop06,
  title={{Impact of Error Correction Code and Dynamic Memory Reconfiguration on High-Reliability/Low-Cost Server Memory}},
  author={Charles Slayman},
  booktitle={{Integrated Reliability Workshop}},
  year={2006}
}

@InProceedings{lotecc_isca12,
  author =  "Aniruddha N. Udipi and Naveen Muralimanohar and Rajeev Balsubramonian and Al Davis and Norman P. Jouppi",
  title = {{LOT-ECC: Localized and Tiered Reliability Mechanisms for Commodity Memory Systems}},
  booktitle =  "International Symposium on Computer Architecture (ISCA)",
  year =   "2012"
}

@inproceedings{mem_cost_vldb02,
  author = {Manegold, Stefan and Boncz, Peter and Kersten, Martin L.},
  title = {{Generic Database Cost Models for Hierarchical Memory Systems}},
  booktitle = {Proceedings of VLDB},
  year = {2002},
  pages = {191-202},
}

@inproceedings{pin_tool_pldi05,
  author = {Luk, Chi-Keung and Cohn, Robert and Muth, Robert and Patil, Harish and Klauser, Artur and Lowney, Geoff and Wallace, Steven and Reddi, Vijay Janapa and Hazelwood, Kim},
  title = {{Pin: Building Customized Program Analysis Tools with Dynamic Instrumentation}},
  booktitle = {Proceedings of PLDI},
  year = {2005},
  pages = {190-200}
}

@article{cache_model_CS87,
  author = {Thiebaut, Dominique and Stone, Harold S.},
  title = {Footprints in the Cache},
  journal = {ACM Trans. Comput. Syst.},
  volume = {5},
  year = {1987}
}

@misc{barnes-hut:Online,
  author       = {},
  title        = {{Barnes-hut implementation on GitHub}},
  year         = {2010},
  howpublished = {\url{http://github.com/JAChapmanII/barnes-hut}}
}

@misc{cg:Online,
  author       = {},
  title        = {{Conjugate gradient implementation on GitHub}},
  year         = {2013},
  howpublished = {\url{https://github.com/danesh-d/cg/blob/master}}
}

@misc{xsbench:Online,
  author       = {},
  title        = {{The Monte Carlo Macroscopic Cross Section Lookup Benchmark}},
  year         = {2013},
  howpublished = {\url{https://github.com/jtramm/XSBench}}
}

@misc{NPB:Online,
  author       = {},
  title        = {{NPB Website.}},
  year         = {},
  howpublished = {\url{https://www.nas.nasa.gov/publications/npb.html}}
}

@techreport{NPB_Bench91,
  author = {D. H. Bailey and E. Barszcz and J. T. Barton and D. S. Browning and R. L. Carter and R. A. Fatoohi and P. O. Frederickson and T. A. Lasinski and H. D. Simon and V. Venkatakrishnan and S. K. Weeratunga},
  title = {The nas parallel benchmarks},
  institution = {The International Journal of Supercomputer Applications},
  year = {1991}
}

@techreport{blcr_tr02,
  author = {J. Duell and P. Hargrove and E. Roman},
  title  = {{The Design and Implementation of Berkeley Lab's Linux Checkpoint/Restart}},
  institution = {Berkeley Lab},
  year = {2002}
}

@InProceedings{eva_proc_replica_sc11,
  author = "Kurt Ferreira and Jon Stearley and James H. Laros III and Ron Oldfield and Kevin Pedretti and Ron Brightwell and Rolf Riesen and Patrick G. Bridges and Dorian Arnold",
  title = {{Evaluating the Viability of Process Replication Reliability for Exascale Systems}},
  booktitle =  "International Conference for High Performance Computing, Networking, Storage and Analysis (SC)",
  year =   "2011"
}

@InProceedings{mpi_replica_sc12,
  author = "David Fiala and Frank Mueller and Christian Engelmann and Rolf Riesen and Kurt Ferreira and Ron Brightwell",
  title = {{Detection and Correction of Silent Data Corruption for Large-Scale HPC}},
  booktitle =  "International Conference for High Performance Computing, Networking, Storage and Analysis (SC)",
  year =   "2012"
}

@InProceedings{cd_sc12,
  title = {{Containment Domains: A Scalable\, Efficient\, and Flexible Resilience Scheme for Exascale Systems}},
  author = "Jinsuk Chung and Ikhwan Lee and Michael Sullivan and Jee Ho Ryoo and Dong Wan Kim and Doe Hyun Yoon and Larry Kaplan and Mattan Erez",
  booktitle =  "International Conference for High Performance Computing, Networking, Storage and Analysis (SC)",
  year =   "2012"
}

@TechReport{chipkill_tech_rp,
  title = {{A White Paper On The Benefits Of Chipkill-Correct ECC for PC Server Main Memory}},
  author = "T. Dell",
  year = "1997",
  institution = "IBM Microelectronics Division"
}

@InProceedings{lotecc_isca12,
  author =  "Aniruddha N. Udipi and Naveen Muralimanohar and Rajeev Balsubramonian and Al Davis and Norman P. Jouppi",
  title = {{LOT-ECC: Localized and Tiered Reliability Mechanisms for Commodity Memory Systems}},
  booktitle =  "International Symposium on Computer Architecture (ISCA)",
  year =   "2012"
}

@InProceedings{xen_ics07,
  author =  "Arun B. Nagarajan and Frank Mueller and Christian Engelmann and Stephen L. Scott",
  title = {{Proactive Fault Tolerance for HPC with Xen Virtualization}},
  booktitle =  "International Conference on Supercomputing",
  year =   "2007"
}

@InProceedings{virtualization_pdp08,
  author =  "Geoffroy Vallee and Thomas Naughton and Christian Engelmann and Hong Ong and Stephen Scott",
  title = {{System-level Virtualization for High Performance Computing}},
  booktitle =  "Euromicro International Conference on Parallel, Distributed, and network-based Processing",
  year =   "2008"
}

@InProceedings{avf_isca05,
  author =  "Arijit Biswas and Paul Racunas and Joel Emer and Shubhendu S. Mukherjee and Ram Rangan",
  title = {{Computing Architectural Vulnerability Factors for Address-Based Structures}},
  booktitle =  "Intertional Symposium on Computer Architecture",
  year =   "2005"
}

@InProceedings{avf_micro10,
  author =  "Arun Nair and Lizy John and Lieven Eeckhout",
  title = {{AVF Stressmark: Towards an Automated Methodology for Bounding the Worst-case Vulnerability to Soft Errors}},
  booktitle =  "International Symposium on Microarchitecture",
  year =   "2010"
}

@InProceedings{avf_isca07,
  author =  "Kristen Walcott and Greg Humphreys and Sudhanva Gurumurthi",
  title = {{Dynamic Prediction of Architectural Vulnerability from Microarchitectural State}},
  booktitle =  "International Symposium on Computer Architecture",
  year =   "2007"
}

@InProceedings{avf_hpca09,
  author =  "Lide Duan and Bin Li and Lu Peng",
  title = {{Versatile Prediction and Fast Estimation of Architectural Vulnerability Factor from Processor Performance Metrics}},
  booktitle =  "International Symposium on High Performance Computer Architecture",
  year =   "2009"
}

@InProceedings{pvf_selse10,
  author =  "Vilas Sridharan and David R. Kaeli",
  title = {{Using PVF Traces to Accelerate AVF Modeling}},
  booktitle =  "International Workshop on Silicon Errors in Logic - System Effect",
  year =   "2010"
}

@InProceedings{avf_gpu_iiswc11,
  author =  "Jingweijia Tan and Nilanjan Goswami and Tao Li and Xin Fu",
  title = {{Analyzing Soft-Error Vulnerability on GPGPU Microarchitecture}},
  booktitle =  "International Symposium on Workload Characterization",
  year =   "2011"
}

@InProceedings{fj_ics08,
  author =  "G. Bronevetsky and B. de Supinski",
  title = {{Soft Error Vulnerability of Iterative Linear Algebra Methods}},
  booktitle =  "International Conference on Supercomputing",
  year =   "2008"
}

@InProceedings{fj_ics11,
  author =  "M. Shantharam and S. Srinivasmurthy and P. Raghavan",
  title = {{Characterizing the Impact of Soft Errors on Iterative Methods in Scientific Computing}},
  booktitle = "International Conference on Supercomputing",
  year = "2011"
}

@InProceedings{fj_ipdps10,
  author =  "K. Malkowski and P. Raghavan and M. Kandemir",
  title = {{Analyzing the Soft Error Resilience of Linear Solvers on Multicore Multiprocessors}},
  booktitle = "International Symposium on Parallel and Distributed Processing",
  year = "2010"
}

@InProceedings{nvram_ipdps12,
  author =  "Dong Li and Jeffrey S. Vetter and Gabriel Marin and Collin McCurdy and Cristi Cira and Zhuo Liu and Weikuan Yu",
  title = {{Identifying Opportunities for Byte-Addressable Non-Volatile Memory in Extreme-Scale Scientific Applications}},
  booktitle = "International Symposium on Parallel and Distributed Processing",
  year = "2012"
}

@InProceedings{abft_sc13,
  author =  "Dong Li and Zizhong Chen and Panruo Wu and Jeffrey S. Vetter",
  title = {{Rethinking Algorithm-Based Fault Tolerance Using a Software-Hardware Cooperative Approach}},
  booktitle = "Under submission",
  year = "2013"
}

@InProceedings{fj_ccgrid11,
  author =  "Nathan DeBardeleben and Sean Blanchard and Qiang Guan and Ziming Zhang and Song Fu",
  title = {{Experimental Framework for Injecting Logic Errors in a Virtual Machine to Profile Applications Soft Error Resilience}},
  booktitle = "Workshop on Resilience in High Performance Computing in Clusters, Clouds and Grids",
  year = "2011"
}

@InProceedings{fj_resilience09,
  author =  "Thomas Naughton and Wesley Bland and Geoffroy Vallee and Christian Engelmann and Stephen L. Scott",
  title = {{Fault Injection Framework for System Resilience Evaluation: Fake Faults for Finding Future Failure}},
  booktitle = "Workshop on Resilience in High Performance Computing",
  year = "2009"
}

@InProceedings{fj_sc04,
  author =  "C. Lu and D. Reed",
  title = {{Assessing Fault Sensitivity in MPI Applications}},
  booktitle = "International Conference for High Performance Computing, Networking, Storage and Analysis",
  year = "2004"
}

@InProceedings{fj_sc12,
  author =  "Dong Li and Jeffrey S. Vetter and Weikuan Yu",
  title = {{Classifying Soft Error Vulnerabilities in Extreme-Scale Scientific Applications Using a Binary Instrumentation Tool}},
  booktitle = "International Conference for High Performance Computing, Networking, Storage and Analysis",
  year = "2012"
}

@InProceedings{rountree_sc07,
  author =  "Barry Rountree and David Lowenthal and Shelby Funk and Vincent Freeh and Bronis de Supinski and Martin Schulz",
  title = {{Bounding energy consumption in large-scale MPI programs}},
  booktitle = "International Conference for High Performance Computing, Networking, Storage and Analysis (SC)",
  year = "2007"
}

@InProceedings{rountree_ics09,
  author =  "Barry Rountree and David Lowenthal and Bronis de Supinski and Martin Schulz and Vincent Freeh and Tyler Bletsch",
  title = {{Adagio: Making DVS Practical for Complex HPC Applications}},
  booktitle = "International Conference on Supercomputing (ICS)",
  year = "2009"
}

@InProceedings{sdscpower_hppac12,
  author =  "Ananta Tiwari and Michael Laurenzano and Laura Carrington and Allan Snavely",
  title = {{Modeling Power and Energy Usage of HPC Kernels}},
  booktitle = "International Workshop on High Performance Power-Aware Computing",
  year = "2012"
}

@article{sdscpower_ccpe12,
  author =  "Joshua Peraza and Ananta Tiwari and Michael Laurenzano and Laura Carrington and Allan Snavely",
  title = {{PMaC.s Green Queue: A Framework for Selecting Energy Optimal DVFS Con.gurations in Large Scale MPI Applications}},
  journal = "Concurrency and Computation: Practice and Experience",
  volume = "3",
  year = "2012"
}

@InProceedings{sdscpower_cgc12,
  author =  "Ananta Tiwari and Michael Laurenzano and Joshua Peraza and Laura Carrington and Allan Snavely",
  title = {{Green Queue: Customized Large-scale Clock Frequency Scaling}},
  booktitle = "International Conference on Cloud and Green Computing",
  year = "2012"
}

@InProceedings{taskconsolidation_ipdps10,
  author =  "Dong Li and Dimitrios S. Nikolopoulos and Kirk W. Cameron and Bronis R. de Supinski and Martin Schulz",
  title = {{Power Aware MPI Task Aggregation Prediction for High End Computing Systems}},
  booktitle = "International Parallel and Distributed Processing Symposium (IPDPS)",
  year = "2010"
}

@InProceedings{mpiopenmp_ipdps10,
  author =  "Dong Li and Bronis R. de Supinski and Martin Schulz and Dimitrios S. Nikolopoulos and Kirk W. Cameron",
  title = {{Hybrid MPI/OpenMP Power Aware Computing}},
  booktitle = "International Parallel and Distributed Processing Symposium (IPDPS)",
  year = "2010"
}

@InProceedings{gpusolidation_srmpds11,
  author =  "Dong Li and Surendra Byna and Scrimat Chakradar",
  title = {{Energy Aware Workload Consolidation on GPU}},
  booktitle = "International Workshop on Scheduling and Resource Management for Parallel and Distributed Systems",
  year = "2011"
}

@InProceedings{lanl_fi_europar11,
  author =  "Nathan DeBardeleben and Sean Blanchard and Qiang Guan and Ziming Zhang and Song Fu",
  title = {{Experimental Framework for Injecting Logic Errors in a Virtual Machine to Profile Applications for Soft Error Resilience}},
  booktitle = "Euro-par",
  year = "2011"
}

@InProceedings{li:2012:classifying,
  author =       "Dong Li and Jeffrey S. Vetter and Weikuan Yu",
  title =        "Classifying Soft Error Vulnerabilities in
    Extreme-Scale Scientific Applications Using a Binary
    Instrumentation Tool",
  booktitle =    "SC12: ACM/IEEE International Conference for High
    Performance Computing, Networking, Storage, and
    Analysis",
  address =      "Salt Lake City",
  year =         "2012",
}

@inproceedings{dsn_pact08,
  author={Matthew Curtis-Maury and Ankur Shah and Filip Blagojevic and Dimitrios~S. Nikolopoulos and Bronis~R. de~Supinski and Martin Schulz},
  title={Prediction Models for Multi-dimensional Power-Performance Optimization on Many Cores},
  booktitle={Proceedings of the 17th International Conference on Parallel Architectures and Compilation Techniques \textbf{(PACT)}}, 
  pages={250-259}, 
  address={Toronto, Ontario, Canada}, 
  month=oct,
  year={2008},  
  note={Acceptance rate: 19\%}
}

@inproceedings{dsn_ics06,
	author={Matthew Curtis-Maury and James Dzierwa and Christos~D. Antonopoulos and Dimitrios~S.  Nikolopoulos},
	title={Online Power-Performance Adaptation of Multithreaded Programs using Event-Based Prediction},
	booktitle={Proceedings of the 20th ACM International Conference on Supercomputing \textbf{(ICS)}}, 
	pages={157-166}, 
	address={Queensland, Australia}, 
	month=jun,
	year={2006}, 
	note={Acceptance rate: 26\%}
}

@InProceedings{powermodel_sigmetrics03,
  author =  "Tao Li and Lizy Kurian John",
  title = {{Run-time modeling and estimation of operating system power consumption}},
  booktitle = "SIGMETRICS",
  year = "2003"
}

@InProceedings{powermodel_micro03,
  author =  "Canturk Isci and Margaret Martonosi",
  title = {{Runtime power monitoring in high-end processors: Methodology and empirical data}},
  booktitle = "International Symposium on Microarchitecture",
  year = "2003"
}

@InProceedings{dct_iiswc12,
  author =  "ChunYi Su and Dong Li and Dimitrios S. Nikolopoulos and Kirk W. Cameron and Bronis R. de Supinski and Edgar A. Lelon",
  title = {{Model-Based, Memory-Centric Performance and Power Optimization on NUMA Multiprocessor}},
  booktitle = "International Symposium on Workload Characterization",
  year = "2012"
}

@InProceedings{dct_pmbs11,
  author =  "ChunYi Su and Dong Li and Dimitrios S. Nikolopoulos and Mat Grove and Kirk W. Cameron and Bronis R. de Supinski",
  title = {{Critical Path Based Thread Placement for NUMA Sysmtems}},
  booktitle = "International Workshop on Modeling, Benchmarking, and Simulation of High Performance Computing Systems",
  year = "2011"
}

@InProceedings{   leon:14:characterizing,
  author        = {Edgar A. Le{\'o}n and Ian Karlin},
  title         = {Characterizing the Impact of Program Optimizations on
                  Power and Energy for Explicit Hydrodynamics},
  booktitle     = {International Parallel \& Distributed Processing
                  Symposium; Workshop on High-Performance, Power-Aware
                  Computing},
  series        = {HPPAC'14},
  year          = {2014},
  publisher     = {IEEE},
  address       = {Phoenix, AZ},
  month         = may
}
